% -------------------------------------------------------------
% ABC ANALYSIS - BIBFILE

% Document prepared by Tatiana Balbi Fraga
% Date: 19/10/2022
% Last change in: 19/10/2022

% inclusão das referências: Benito&Whybark1986

% -------------------------------------------------------------

@ARTICLE{FloresAndWhybark1986,
 AUTHOR =	{Benito E. Flores and D. Clay Whybark},
 TITLE =	{Multiple Criteria ABC Analysis},
 JOURNAL =	{International Journal of Operations \& Production Management},
 VOLUME =	{6},
 NUMBER =   {3},
 PAGES =	{38-46},
 YEAR =	{1986},
 DOI = {https://doi.org/10.1108/eb054765}
}

% -------------------------------------------------------------

@ARTICLE{FloresAndWhybark1987,
 AUTHOR =	{Benito E. Flores and D. Clay Whybark},
 TITLE =	{Implementing multiple criteria ABC analysis},
 JOURNAL =	{Journal of Operations Management},
 VOLUME =	{7},
 NUMBER =   {1},
 PAGES =	{79-85},
 YEAR =	{1987},
 NOTE = {Special Combined Issue},
 DOI = {https://doi.org/10.1016/0272-6963(87)90008-8}
}

% -------------------------------------------------------------
